%YAML 1.1
%TAG !u! tag:unity3d.com,2011:
--- !u!1 &1499384897294326882
GameObject:
  m_ObjectHideFlags: 0
  m_CorrespondingSourceObject: {fileID: 0}
  m_PrefabInstance: {fileID: 0}
  m_PrefabAsset: {fileID: 0}
  serializedVersion: 6
  m_Component:
  - component: {fileID: 2492103879605792369}
  - component: {fileID: 6903664157049590855}
  - component: {fileID: 932865874711439550}
  - component: {fileID: 3223513223999960691}
  m_Layer: 0
  m_Name: Rock3
  m_TagString: Untagged
  m_Icon: {fileID: 0}
  m_NavMeshLayer: 0
  m_StaticEditorFlags: 0
  m_IsActive: 1
--- !u!4 &2492103879605792369
Transform:
  m_ObjectHideFlags: 0
  m_CorrespondingSourceObject: {fileID: 0}
  m_PrefabInstance: {fileID: 0}
  m_PrefabAsset: {fileID: 0}
  m_GameObject: {fileID: 1499384897294326882}
  m_LocalRotation: {x: -0, y: -0, z: -0, w: 1}
  m_LocalPosition: {x: 0, y: 0, z: 0}
  m_LocalScale: {x: 1, y: 1, z: 1}
  m_Children:
  - {fileID: 4574694606893936190}
  m_Father: {fileID: 0}
  m_RootOrder: 0
  m_LocalEulerAnglesHint: {x: 0, y: 0, z: 0}
--- !u!33 &6903664157049590855
MeshFilter:
  m_ObjectHideFlags: 0
  m_CorrespondingSourceObject: {fileID: 0}
  m_PrefabInstance: {fileID: 0}
  m_PrefabAsset: {fileID: 0}
  m_GameObject: {fileID: 1499384897294326882}
  m_Mesh: {fileID: -1308591888722446975, guid: dd796bed3f8c8094c93ddab860643608, type: 3}
--- !u!23 &932865874711439550
MeshRenderer:
  m_ObjectHideFlags: 0
  m_CorrespondingSourceObject: {fileID: 0}
  m_PrefabInstance: {fileID: 0}
  m_PrefabAsset: {fileID: 0}
  m_GameObject: {fileID: 1499384897294326882}
  m_Enabled: 1
  m_CastShadows: 1
  m_ReceiveShadows: 1
  m_DynamicOccludee: 1
  m_MotionVectors: 1
  m_LightProbeUsage: 1
  m_ReflectionProbeUsage: 1
  m_RenderingLayerMask: 1
  m_RendererPriority: 0
  m_Materials:
  - {fileID: -2551240767032753910, guid: dd796bed3f8c8094c93ddab860643608, type: 3}
  - {fileID: -2959283651340661505, guid: dd796bed3f8c8094c93ddab860643608, type: 3}
  m_StaticBatchInfo:
    firstSubMesh: 0
    subMeshCount: 0
  m_StaticBatchRoot: {fileID: 0}
  m_ProbeAnchor: {fileID: 0}
  m_LightProbeVolumeOverride: {fileID: 0}
  m_ScaleInLightmap: 1
  m_ReceiveGI: 1
  m_PreserveUVs: 0
  m_IgnoreNormalsForChartDetection: 0
  m_ImportantGI: 0
  m_StitchLightmapSeams: 1
  m_SelectedEditorRenderState: 3
  m_MinimumChartSize: 4
  m_AutoUVMaxDistance: 0.5
  m_AutoUVMaxAngle: 89
  m_LightmapParameters: {fileID: 0}
  m_SortingLayerID: 0
  m_SortingLayer: 0
  m_SortingOrder: 0
--- !u!114 &3223513223999960691
MonoBehaviour:
  m_ObjectHideFlags: 0
  m_CorrespondingSourceObject: {fileID: 0}
  m_PrefabInstance: {fileID: 0}
  m_PrefabAsset: {fileID: 0}
  m_GameObject: {fileID: 1499384897294326882}
  m_Enabled: 1
  m_EditorHideFlags: 0
  m_Script: {fileID: 11500000, guid: 07b77bdaf4aaa5441b070fd759c238e8, type: 3}
  m_Name: 
  m_EditorClassIdentifier: 
  coord: {x: 0, y: 0}
  IsAccessible: 0
  item: {fileID: 659721653514148909}
--- !u!1001 &353086367950863076
PrefabInstance:
  m_ObjectHideFlags: 0
  serializedVersion: 2
  m_Modification:
    m_TransformParent: {fileID: 2492103879605792369}
    m_Modifications:
    - target: {fileID: 991257524301096649, guid: 986e224bc87ca1343b079ab390aa1f0c,
        type: 3}
      propertyPath: m_Name
      value: rock_large3
      objectReference: {fileID: 0}
    - target: {fileID: 4295025224496223450, guid: 986e224bc87ca1343b079ab390aa1f0c,
        type: 3}
      propertyPath: m_LocalPosition.x
      value: 5
      objectReference: {fileID: 0}
    - target: {fileID: 4295025224496223450, guid: 986e224bc87ca1343b079ab390aa1f0c,
        type: 3}
      propertyPath: m_LocalPosition.y
      value: 2.5
      objectReference: {fileID: 0}
    - target: {fileID: 4295025224496223450, guid: 986e224bc87ca1343b079ab390aa1f0c,
        type: 3}
      propertyPath: m_LocalPosition.z
      value: 5
      objectReference: {fileID: 0}
    - target: {fileID: 4295025224496223450, guid: 986e224bc87ca1343b079ab390aa1f0c,
        type: 3}
      propertyPath: m_LocalRotation.x
      value: 0
      objectReference: {fileID: 0}
    - target: {fileID: 4295025224496223450, guid: 986e224bc87ca1343b079ab390aa1f0c,
        type: 3}
      propertyPath: m_LocalRotation.y
      value: -0
      objectReference: {fileID: 0}
    - target: {fileID: 4295025224496223450, guid: 986e224bc87ca1343b079ab390aa1f0c,
        type: 3}
      propertyPath: m_LocalRotation.z
      value: -0
      objectReference: {fileID: 0}
    - target: {fileID: 4295025224496223450, guid: 986e224bc87ca1343b079ab390aa1f0c,
        type: 3}
      propertyPath: m_LocalRotation.w
      value: 1
      objectReference: {fileID: 0}
    - target: {fileID: 4295025224496223450, guid: 986e224bc87ca1343b079ab390aa1f0c,
        type: 3}
      propertyPath: m_RootOrder
      value: 0
      objectReference: {fileID: 0}
    - target: {fileID: 4295025224496223450, guid: 986e224bc87ca1343b079ab390aa1f0c,
        type: 3}
      propertyPath: m_LocalEulerAnglesHint.x
      value: 0
      objectReference: {fileID: 0}
    - target: {fileID: 4295025224496223450, guid: 986e224bc87ca1343b079ab390aa1f0c,
        type: 3}
      propertyPath: m_LocalEulerAnglesHint.y
      value: 0
      objectReference: {fileID: 0}
    - target: {fileID: 4295025224496223450, guid: 986e224bc87ca1343b079ab390aa1f0c,
        type: 3}
      propertyPath: m_LocalEulerAnglesHint.z
      value: 0
      objectReference: {fileID: 0}
    m_RemovedComponents: []
  m_SourcePrefab: {fileID: 100100000, guid: 986e224bc87ca1343b079ab390aa1f0c, type: 3}
--- !u!1 &659721653514148909 stripped
GameObject:
  m_CorrespondingSourceObject: {fileID: 991257524301096649, guid: 986e224bc87ca1343b079ab390aa1f0c,
    type: 3}
  m_PrefabInstance: {fileID: 353086367950863076}
  m_PrefabAsset: {fileID: 0}
--- !u!4 &4574694606893936190 stripped
Transform:
  m_CorrespondingSourceObject: {fileID: 4295025224496223450, guid: 986e224bc87ca1343b079ab390aa1f0c,
    type: 3}
  m_PrefabInstance: {fileID: 353086367950863076}
  m_PrefabAsset: {fileID: 0}
