%YAML 1.1
%TAG !u! tag:unity3d.com,2011:
--- !u!1 &3610158122194912863
GameObject:
  m_ObjectHideFlags: 0
  m_CorrespondingSourceObject: {fileID: 0}
  m_PrefabInstance: {fileID: 0}
  m_PrefabAsset: {fileID: 0}
  serializedVersion: 6
  m_Component:
  - component: {fileID: 1052250619548114136}
  - component: {fileID: 2622699268395345439}
  m_Layer: 0
  m_Name: Spikey
  m_TagString: Untagged
  m_Icon: {fileID: 0}
  m_NavMeshLayer: 0
  m_StaticEditorFlags: 0
  m_IsActive: 1
--- !u!4 &1052250619548114136
Transform:
  m_ObjectHideFlags: 0
  m_CorrespondingSourceObject: {fileID: 0}
  m_PrefabInstance: {fileID: 0}
  m_PrefabAsset: {fileID: 0}
  m_GameObject: {fileID: 3610158122194912863}
  m_LocalRotation: {x: 0.3907311, y: 0, z: 0, w: 0.9205049}
  m_LocalPosition: {x: 849.84344, y: 551.2606, z: 134.38135}
  m_LocalScale: {x: 1, y: 1, z: 1}
  m_Children:
  - {fileID: 1051505378874600370}
  - {fileID: 6446271070526189958}
  m_Father: {fileID: 0}
  m_RootOrder: 0
  m_LocalEulerAnglesHint: {x: 46, y: 0, z: 0}
--- !u!114 &2622699268395345439
MonoBehaviour:
  m_ObjectHideFlags: 0
  m_CorrespondingSourceObject: {fileID: 0}
  m_PrefabInstance: {fileID: 0}
  m_PrefabAsset: {fileID: 0}
  m_GameObject: {fileID: 3610158122194912863}
  m_Enabled: 1
  m_EditorHideFlags: 0
  m_Script: {fileID: 11500000, guid: 16a9debf2d4510846919eede69fd7b4b, type: 3}
  m_Name: 
  m_EditorClassIdentifier: 
  maxHealth: 3
  health: 3
  buffs: []
  heartPrefab: {fileID: 8658585568487798656, guid: 30aa483f1ab056b4c9680f11e71bedff,
    type: 3}
  coord:
    x: 0
    y: 0
  animator: {fileID: 7867919572709890112}
  deck:
  - Move
  - Spike Up
  - Spike Attack
  actionQueue:
  - name: 
    text: 
    sprite: {fileID: 0}
    map: {fileID: 0}
    actions: []
  - name: 
    text: 
    sprite: {fileID: 0}
    map: {fileID: 0}
    actions: []
  - name: 
    text: 
    sprite: {fileID: 0}
    map: {fileID: 0}
    actions: []
  queueImages:
  - {fileID: 5878870787556343667}
  - {fileID: 5915448701164804371}
  - {fileID: 5868620730779838708}
  queueMaps:
  - {fileID: 111491575776561828}
  - {fileID: 521448889755350468}
  - {fileID: 2682868587049138643}
  queueBlinders:
  - {fileID: 2125623448644970662}
  - {fileID: 2132396617587525592}
  - {fileID: 3251067281287219871}
  queueSprites: {fileID: 3309357982762369939}
  actionQueueCount: 0
--- !u!1 &7569173522341341215
GameObject:
  m_ObjectHideFlags: 0
  m_CorrespondingSourceObject: {fileID: 0}
  m_PrefabInstance: {fileID: 0}
  m_PrefabAsset: {fileID: 0}
  serializedVersion: 6
  m_Component:
  - component: {fileID: 1051505378874600370}
  - component: {fileID: 3618665207086525396}
  - component: {fileID: 7867919572709890112}
  m_Layer: 0
  m_Name: CharacterSprite
  m_TagString: Untagged
  m_Icon: {fileID: 0}
  m_NavMeshLayer: 0
  m_StaticEditorFlags: 0
  m_IsActive: 1
--- !u!4 &1051505378874600370
Transform:
  m_ObjectHideFlags: 0
  m_CorrespondingSourceObject: {fileID: 0}
  m_PrefabInstance: {fileID: 0}
  m_PrefabAsset: {fileID: 0}
  m_GameObject: {fileID: 7569173522341341215}
  m_LocalRotation: {x: 0, y: 0, z: 0, w: 1}
  m_LocalPosition: {x: 0, y: 0, z: 0}
  m_LocalScale: {x: 5, y: 5, z: 1}
  m_Children: []
  m_Father: {fileID: 1052250619548114136}
  m_RootOrder: 0
  m_LocalEulerAnglesHint: {x: 0, y: 0, z: 0}
--- !u!212 &3618665207086525396
SpriteRenderer:
  m_ObjectHideFlags: 0
  m_CorrespondingSourceObject: {fileID: 0}
  m_PrefabInstance: {fileID: 0}
  m_PrefabAsset: {fileID: 0}
  m_GameObject: {fileID: 7569173522341341215}
  m_Enabled: 1
  m_CastShadows: 0
  m_ReceiveShadows: 0
  m_DynamicOccludee: 1
  m_MotionVectors: 1
  m_LightProbeUsage: 1
  m_ReflectionProbeUsage: 1
  m_RenderingLayerMask: 1
  m_RendererPriority: 0
  m_Materials:
  - {fileID: 10754, guid: 0000000000000000f000000000000000, type: 0}
  m_StaticBatchInfo:
    firstSubMesh: 0
    subMeshCount: 0
  m_StaticBatchRoot: {fileID: 0}
  m_ProbeAnchor: {fileID: 0}
  m_LightProbeVolumeOverride: {fileID: 0}
  m_ScaleInLightmap: 1
  m_ReceiveGI: 1
  m_PreserveUVs: 0
  m_IgnoreNormalsForChartDetection: 0
  m_ImportantGI: 0
  m_StitchLightmapSeams: 1
  m_SelectedEditorRenderState: 0
  m_MinimumChartSize: 4
  m_AutoUVMaxDistance: 0.5
  m_AutoUVMaxAngle: 89
  m_LightmapParameters: {fileID: 0}
  m_SortingLayerID: 0
  m_SortingLayer: 0
  m_SortingOrder: 0
  m_Sprite: {fileID: 4723107735738678597, guid: 99ab765826e712c4e903bab54fd45335,
    type: 3}
  m_Color: {r: 1, g: 1, b: 1, a: 1}
  m_FlipX: 0
  m_FlipY: 0
  m_DrawMode: 0
  m_Size: {x: 3.28, y: 1.44}
  m_AdaptiveModeThreshold: 0.5
  m_SpriteTileMode: 0
  m_WasSpriteAssigned: 1
  m_MaskInteraction: 0
  m_SpriteSortPoint: 0
--- !u!95 &7867919572709890112
Animator:
  serializedVersion: 3
  m_ObjectHideFlags: 0
  m_CorrespondingSourceObject: {fileID: 0}
  m_PrefabInstance: {fileID: 0}
  m_PrefabAsset: {fileID: 0}
  m_GameObject: {fileID: 7569173522341341215}
  m_Enabled: 1
  m_Avatar: {fileID: 0}
  m_Controller: {fileID: 9100000, guid: 3c988b9c3019b2a46873b7b9e9fe8623, type: 2}
  m_CullingMode: 0
  m_UpdateMode: 0
  m_ApplyRootMotion: 0
  m_LinearVelocityBlending: 0
  m_WarningMessage: 
  m_HasTransformHierarchy: 1
  m_AllowConstantClipSamplingOptimization: 1
  m_KeepAnimatorControllerStateOnDisable: 0
--- !u!1001 &1001909954324308169
PrefabInstance:
  m_ObjectHideFlags: 0
  serializedVersion: 2
  m_Modification:
    m_TransformParent: {fileID: 1052250619548114136}
    m_Modifications:
    - target: {fileID: 6094142878995091791, guid: 4f96e2881f28c7747a051b53f2d22c9b,
        type: 3}
      propertyPath: m_LocalPosition.x
      value: 12.31
      objectReference: {fileID: 0}
    - target: {fileID: 6094142878995091791, guid: 4f96e2881f28c7747a051b53f2d22c9b,
        type: 3}
      propertyPath: m_LocalPosition.y
      value: -19.55
      objectReference: {fileID: 0}
    - target: {fileID: 6094142878995091791, guid: 4f96e2881f28c7747a051b53f2d22c9b,
        type: 3}
      propertyPath: m_LocalPosition.z
      value: 0
      objectReference: {fileID: 0}
    - target: {fileID: 6094142878995091791, guid: 4f96e2881f28c7747a051b53f2d22c9b,
        type: 3}
      propertyPath: m_LocalRotation.x
      value: 0
      objectReference: {fileID: 0}
    - target: {fileID: 6094142878995091791, guid: 4f96e2881f28c7747a051b53f2d22c9b,
        type: 3}
      propertyPath: m_LocalRotation.y
      value: 0
      objectReference: {fileID: 0}
    - target: {fileID: 6094142878995091791, guid: 4f96e2881f28c7747a051b53f2d22c9b,
        type: 3}
      propertyPath: m_LocalRotation.z
      value: 0
      objectReference: {fileID: 0}
    - target: {fileID: 6094142878995091791, guid: 4f96e2881f28c7747a051b53f2d22c9b,
        type: 3}
      propertyPath: m_LocalRotation.w
      value: 1
      objectReference: {fileID: 0}
    - target: {fileID: 6094142878995091791, guid: 4f96e2881f28c7747a051b53f2d22c9b,
        type: 3}
      propertyPath: m_RootOrder
      value: 1
      objectReference: {fileID: 0}
    - target: {fileID: 6094142878995091791, guid: 4f96e2881f28c7747a051b53f2d22c9b,
        type: 3}
      propertyPath: m_LocalEulerAnglesHint.x
      value: 0
      objectReference: {fileID: 0}
    - target: {fileID: 6094142878995091791, guid: 4f96e2881f28c7747a051b53f2d22c9b,
        type: 3}
      propertyPath: m_LocalEulerAnglesHint.y
      value: 0
      objectReference: {fileID: 0}
    - target: {fileID: 6094142878995091791, guid: 4f96e2881f28c7747a051b53f2d22c9b,
        type: 3}
      propertyPath: m_LocalEulerAnglesHint.z
      value: 0
      objectReference: {fileID: 0}
    - target: {fileID: 2308741625620865882, guid: 4f96e2881f28c7747a051b53f2d22c9b,
        type: 3}
      propertyPath: m_Name
      value: QueueSprites
      objectReference: {fileID: 0}
    - target: {fileID: 2308741625620865882, guid: 4f96e2881f28c7747a051b53f2d22c9b,
        type: 3}
      propertyPath: m_IsActive
      value: 1
      objectReference: {fileID: 0}
    - target: {fileID: 5399820599776079486, guid: 4f96e2881f28c7747a051b53f2d22c9b,
        type: 3}
      propertyPath: m_IsActive
      value: 0
      objectReference: {fileID: 0}
    - target: {fileID: 290815378010785213, guid: 4f96e2881f28c7747a051b53f2d22c9b,
        type: 3}
      propertyPath: m_IsActive
      value: 1
      objectReference: {fileID: 0}
    m_RemovedComponents: []
  m_SourcePrefab: {fileID: 100100000, guid: 4f96e2881f28c7747a051b53f2d22c9b, type: 3}
--- !u!1 &3309357982762369939 stripped
GameObject:
  m_CorrespondingSourceObject: {fileID: 2308741625620865882, guid: 4f96e2881f28c7747a051b53f2d22c9b,
    type: 3}
  m_PrefabInstance: {fileID: 1001909954324308169}
  m_PrefabAsset: {fileID: 0}
--- !u!4 &6446271070526189958 stripped
Transform:
  m_CorrespondingSourceObject: {fileID: 6094142878995091791, guid: 4f96e2881f28c7747a051b53f2d22c9b,
    type: 3}
  m_PrefabInstance: {fileID: 1001909954324308169}
  m_PrefabAsset: {fileID: 0}
--- !u!212 &2125623448644970662 stripped
SpriteRenderer:
  m_CorrespondingSourceObject: {fileID: 1195921790448486511, guid: 4f96e2881f28c7747a051b53f2d22c9b,
    type: 3}
  m_PrefabInstance: {fileID: 1001909954324308169}
  m_PrefabAsset: {fileID: 0}
--- !u!212 &2132396617587525592 stripped
SpriteRenderer:
  m_CorrespondingSourceObject: {fileID: 1184645333295114001, guid: 4f96e2881f28c7747a051b53f2d22c9b,
    type: 3}
  m_PrefabInstance: {fileID: 1001909954324308169}
  m_PrefabAsset: {fileID: 0}
--- !u!212 &3251067281287219871 stripped
SpriteRenderer:
  m_CorrespondingSourceObject: {fileID: 2376039938164042326, guid: 4f96e2881f28c7747a051b53f2d22c9b,
    type: 3}
  m_PrefabInstance: {fileID: 1001909954324308169}
  m_PrefabAsset: {fileID: 0}
--- !u!212 &5878870787556343667 stripped
SpriteRenderer:
  m_CorrespondingSourceObject: {fileID: 6661543062106988474, guid: 4f96e2881f28c7747a051b53f2d22c9b,
    type: 3}
  m_PrefabInstance: {fileID: 1001909954324308169}
  m_PrefabAsset: {fileID: 0}
--- !u!212 &111491575776561828 stripped
SpriteRenderer:
  m_CorrespondingSourceObject: {fileID: 894922427588536941, guid: 4f96e2881f28c7747a051b53f2d22c9b,
    type: 3}
  m_PrefabInstance: {fileID: 1001909954324308169}
  m_PrefabAsset: {fileID: 0}
--- !u!212 &5915448701164804371 stripped
SpriteRenderer:
  m_CorrespondingSourceObject: {fileID: 6913195350267591130, guid: 4f96e2881f28c7747a051b53f2d22c9b,
    type: 3}
  m_PrefabInstance: {fileID: 1001909954324308169}
  m_PrefabAsset: {fileID: 0}
--- !u!212 &521448889755350468 stripped
SpriteRenderer:
  m_CorrespondingSourceObject: {fileID: 782483715720615181, guid: 4f96e2881f28c7747a051b53f2d22c9b,
    type: 3}
  m_PrefabInstance: {fileID: 1001909954324308169}
  m_PrefabAsset: {fileID: 0}
--- !u!212 &5868620730779838708 stripped
SpriteRenderer:
  m_CorrespondingSourceObject: {fileID: 6671793391175305277, guid: 4f96e2881f28c7747a051b53f2d22c9b,
    type: 3}
  m_PrefabInstance: {fileID: 1001909954324308169}
  m_PrefabAsset: {fileID: 0}
--- !u!212 &2682868587049138643 stripped
SpriteRenderer:
  m_CorrespondingSourceObject: {fileID: 2944238188412246298, guid: 4f96e2881f28c7747a051b53f2d22c9b,
    type: 3}
  m_PrefabInstance: {fileID: 1001909954324308169}
  m_PrefabAsset: {fileID: 0}
