%YAML 1.1
%TAG !u! tag:unity3d.com,2011:
--- !u!1 &900505452521607533
GameObject:
  m_ObjectHideFlags: 0
  m_CorrespondingSourceObject: {fileID: 0}
  m_PrefabInstance: {fileID: 0}
  m_PrefabAsset: {fileID: 0}
  serializedVersion: 6
  m_Component:
  - component: {fileID: 2995685683668135607}
  - component: {fileID: 8347372024757350018}
  m_Layer: 0
  m_Name: Plain_ Rock5
  m_TagString: Untagged
  m_Icon: {fileID: 0}
  m_NavMeshLayer: 0
  m_StaticEditorFlags: 0
  m_IsActive: 1
--- !u!4 &2995685683668135607
Transform:
  m_ObjectHideFlags: 0
  m_CorrespondingSourceObject: {fileID: 0}
  m_PrefabInstance: {fileID: 0}
  m_PrefabAsset: {fileID: 0}
  m_GameObject: {fileID: 900505452521607533}
  m_LocalRotation: {x: -0, y: -0, z: -0, w: 1}
  m_LocalPosition: {x: 5, y: 1.25, z: 4.9999995}
  m_LocalScale: {x: 1, y: 1, z: 1}
  m_Children:
  - {fileID: 4256860980827386279}
  - {fileID: 7753573829486122129}
  - {fileID: 1617985003465822114}
  m_Father: {fileID: 0}
  m_RootOrder: 0
  m_LocalEulerAnglesHint: {x: 0, y: 0, z: 0}
--- !u!114 &8347372024757350018
MonoBehaviour:
  m_ObjectHideFlags: 0
  m_CorrespondingSourceObject: {fileID: 0}
  m_PrefabInstance: {fileID: 0}
  m_PrefabAsset: {fileID: 0}
  m_GameObject: {fileID: 900505452521607533}
  m_Enabled: 1
  m_EditorHideFlags: 0
  m_Script: {fileID: 11500000, guid: 07b77bdaf4aaa5441b070fd759c238e8, type: 3}
  m_Name: 
  m_EditorClassIdentifier: 
  coord: {x: 0, y: 0}
  IsAccessible: 0
  item: {fileID: 957069187526230964}
  animator: {fileID: 7082716527807017059}
  tileHighlight: {fileID: 1264763840972010381}
--- !u!1 &3848016844579883297
GameObject:
  m_ObjectHideFlags: 0
  m_CorrespondingSourceObject: {fileID: 0}
  m_PrefabInstance: {fileID: 0}
  m_PrefabAsset: {fileID: 0}
  serializedVersion: 6
  m_Component:
  - component: {fileID: 7753573829486122129}
  - component: {fileID: 6060394983670168771}
  - component: {fileID: 7082716527807017059}
  m_Layer: 0
  m_Name: Animation
  m_TagString: Untagged
  m_Icon: {fileID: 0}
  m_NavMeshLayer: 0
  m_StaticEditorFlags: 0
  m_IsActive: 1
--- !u!4 &7753573829486122129
Transform:
  m_ObjectHideFlags: 0
  m_CorrespondingSourceObject: {fileID: 0}
  m_PrefabInstance: {fileID: 0}
  m_PrefabAsset: {fileID: 0}
  m_GameObject: {fileID: 3848016844579883297}
  m_LocalRotation: {x: 0.3907311, y: -0, z: -0, w: 0.9205049}
  m_LocalPosition: {x: 7.5, y: 2.5, z: 3.5000005}
  m_LocalScale: {x: 1, y: 1, z: 1}
  m_Children: []
  m_Father: {fileID: 2995685683668135607}
  m_RootOrder: 1
  m_LocalEulerAnglesHint: {x: 46, y: 0, z: 0}
--- !u!212 &6060394983670168771
SpriteRenderer:
  m_ObjectHideFlags: 0
  m_CorrespondingSourceObject: {fileID: 0}
  m_PrefabInstance: {fileID: 0}
  m_PrefabAsset: {fileID: 0}
  m_GameObject: {fileID: 3848016844579883297}
  m_Enabled: 1
  m_CastShadows: 0
  m_ReceiveShadows: 0
  m_DynamicOccludee: 1
  m_MotionVectors: 1
  m_LightProbeUsage: 1
  m_ReflectionProbeUsage: 1
  m_RenderingLayerMask: 1
  m_RendererPriority: 0
  m_Materials:
  - {fileID: 10754, guid: 0000000000000000f000000000000000, type: 0}
  m_StaticBatchInfo:
    firstSubMesh: 0
    subMeshCount: 0
  m_StaticBatchRoot: {fileID: 0}
  m_ProbeAnchor: {fileID: 0}
  m_LightProbeVolumeOverride: {fileID: 0}
  m_ScaleInLightmap: 1
  m_ReceiveGI: 1
  m_PreserveUVs: 0
  m_IgnoreNormalsForChartDetection: 0
  m_ImportantGI: 0
  m_StitchLightmapSeams: 1
  m_SelectedEditorRenderState: 0
  m_MinimumChartSize: 4
  m_AutoUVMaxDistance: 0.5
  m_AutoUVMaxAngle: 89
  m_LightmapParameters: {fileID: 0}
  m_SortingLayerID: 0
  m_SortingLayer: 0
  m_SortingOrder: 0
  m_Sprite: {fileID: 0}
  m_Color: {r: 1, g: 1, b: 1, a: 1}
  m_FlipX: 0
  m_FlipY: 0
  m_DrawMode: 0
  m_Size: {x: 1, y: 1}
  m_AdaptiveModeThreshold: 0.5
  m_SpriteTileMode: 0
  m_WasSpriteAssigned: 0
  m_MaskInteraction: 0
  m_SpriteSortPoint: 0
--- !u!95 &7082716527807017059
Animator:
  serializedVersion: 3
  m_ObjectHideFlags: 0
  m_CorrespondingSourceObject: {fileID: 0}
  m_PrefabInstance: {fileID: 0}
  m_PrefabAsset: {fileID: 0}
  m_GameObject: {fileID: 3848016844579883297}
  m_Enabled: 1
  m_Avatar: {fileID: 0}
  m_Controller: {fileID: 9100000, guid: fb9579a6ed1ed764f97441fde56c4b8d, type: 2}
  m_CullingMode: 0
  m_UpdateMode: 0
  m_ApplyRootMotion: 0
  m_LinearVelocityBlending: 0
  m_WarningMessage: 
  m_HasTransformHierarchy: 1
  m_AllowConstantClipSamplingOptimization: 1
  m_KeepAnimatorControllerStateOnDisable: 0
--- !u!1001 &5464021568192940975
PrefabInstance:
  m_ObjectHideFlags: 0
  serializedVersion: 2
  m_Modification:
    m_TransformParent: {fileID: 2995685683668135607}
    m_Modifications:
    - target: {fileID: 5087989990337513499, guid: 660d6e2a74b75e04c9fe8ce138523739,
        type: 3}
      propertyPath: m_Name
      value: rock_large5
      objectReference: {fileID: 0}
    - target: {fileID: 8126589571780147720, guid: 660d6e2a74b75e04c9fe8ce138523739,
        type: 3}
      propertyPath: m_LocalPosition.x
      value: 5
      objectReference: {fileID: 0}
    - target: {fileID: 8126589571780147720, guid: 660d6e2a74b75e04c9fe8ce138523739,
        type: 3}
      propertyPath: m_LocalPosition.y
      value: 2.5
      objectReference: {fileID: 0}
    - target: {fileID: 8126589571780147720, guid: 660d6e2a74b75e04c9fe8ce138523739,
        type: 3}
      propertyPath: m_LocalPosition.z
      value: 5
      objectReference: {fileID: 0}
    - target: {fileID: 8126589571780147720, guid: 660d6e2a74b75e04c9fe8ce138523739,
        type: 3}
      propertyPath: m_LocalRotation.x
      value: 0
      objectReference: {fileID: 0}
    - target: {fileID: 8126589571780147720, guid: 660d6e2a74b75e04c9fe8ce138523739,
        type: 3}
      propertyPath: m_LocalRotation.y
      value: -0
      objectReference: {fileID: 0}
    - target: {fileID: 8126589571780147720, guid: 660d6e2a74b75e04c9fe8ce138523739,
        type: 3}
      propertyPath: m_LocalRotation.z
      value: -0
      objectReference: {fileID: 0}
    - target: {fileID: 8126589571780147720, guid: 660d6e2a74b75e04c9fe8ce138523739,
        type: 3}
      propertyPath: m_LocalRotation.w
      value: 1
      objectReference: {fileID: 0}
    - target: {fileID: 8126589571780147720, guid: 660d6e2a74b75e04c9fe8ce138523739,
        type: 3}
      propertyPath: m_RootOrder
      value: 0
      objectReference: {fileID: 0}
    - target: {fileID: 8126589571780147720, guid: 660d6e2a74b75e04c9fe8ce138523739,
        type: 3}
      propertyPath: m_LocalEulerAnglesHint.x
      value: 0
      objectReference: {fileID: 0}
    - target: {fileID: 8126589571780147720, guid: 660d6e2a74b75e04c9fe8ce138523739,
        type: 3}
      propertyPath: m_LocalEulerAnglesHint.y
      value: 0
      objectReference: {fileID: 0}
    - target: {fileID: 8126589571780147720, guid: 660d6e2a74b75e04c9fe8ce138523739,
        type: 3}
      propertyPath: m_LocalEulerAnglesHint.z
      value: 0
      objectReference: {fileID: 0}
    m_RemovedComponents: []
  m_SourcePrefab: {fileID: 100100000, guid: 660d6e2a74b75e04c9fe8ce138523739, type: 3}
--- !u!1 &957069187526230964 stripped
GameObject:
  m_CorrespondingSourceObject: {fileID: 5087989990337513499, guid: 660d6e2a74b75e04c9fe8ce138523739,
    type: 3}
  m_PrefabInstance: {fileID: 5464021568192940975}
  m_PrefabAsset: {fileID: 0}
--- !u!4 &4256860980827386279 stripped
Transform:
  m_CorrespondingSourceObject: {fileID: 8126589571780147720, guid: 660d6e2a74b75e04c9fe8ce138523739,
    type: 3}
  m_PrefabInstance: {fileID: 5464021568192940975}
  m_PrefabAsset: {fileID: 0}
--- !u!1001 &7785287897335934706
PrefabInstance:
  m_ObjectHideFlags: 0
  serializedVersion: 2
  m_Modification:
    m_TransformParent: {fileID: 2995685683668135607}
    m_Modifications:
    - target: {fileID: 3293030950005646470, guid: 30b64836fd3b195458090b92feddc809,
        type: 3}
      propertyPath: m_Name
      value: Plain (1)
      objectReference: {fileID: 0}
    - target: {fileID: 8826732914862874960, guid: 30b64836fd3b195458090b92feddc809,
        type: 3}
      propertyPath: m_LocalPosition.x
      value: 0
      objectReference: {fileID: 0}
    - target: {fileID: 8826732914862874960, guid: 30b64836fd3b195458090b92feddc809,
        type: 3}
      propertyPath: m_LocalPosition.y
      value: 0
      objectReference: {fileID: 0}
    - target: {fileID: 8826732914862874960, guid: 30b64836fd3b195458090b92feddc809,
        type: 3}
      propertyPath: m_LocalPosition.z
      value: 0
      objectReference: {fileID: 0}
    - target: {fileID: 8826732914862874960, guid: 30b64836fd3b195458090b92feddc809,
        type: 3}
      propertyPath: m_LocalRotation.x
      value: -0
      objectReference: {fileID: 0}
    - target: {fileID: 8826732914862874960, guid: 30b64836fd3b195458090b92feddc809,
        type: 3}
      propertyPath: m_LocalRotation.y
      value: -0
      objectReference: {fileID: 0}
    - target: {fileID: 8826732914862874960, guid: 30b64836fd3b195458090b92feddc809,
        type: 3}
      propertyPath: m_LocalRotation.z
      value: -0
      objectReference: {fileID: 0}
    - target: {fileID: 8826732914862874960, guid: 30b64836fd3b195458090b92feddc809,
        type: 3}
      propertyPath: m_LocalRotation.w
      value: 1
      objectReference: {fileID: 0}
    - target: {fileID: 8826732914862874960, guid: 30b64836fd3b195458090b92feddc809,
        type: 3}
      propertyPath: m_RootOrder
      value: 2
      objectReference: {fileID: 0}
    - target: {fileID: 8826732914862874960, guid: 30b64836fd3b195458090b92feddc809,
        type: 3}
      propertyPath: m_LocalEulerAnglesHint.x
      value: 0
      objectReference: {fileID: 0}
    - target: {fileID: 8826732914862874960, guid: 30b64836fd3b195458090b92feddc809,
        type: 3}
      propertyPath: m_LocalEulerAnglesHint.y
      value: 0
      objectReference: {fileID: 0}
    - target: {fileID: 8826732914862874960, guid: 30b64836fd3b195458090b92feddc809,
        type: 3}
      propertyPath: m_LocalEulerAnglesHint.z
      value: 0
      objectReference: {fileID: 0}
    m_RemovedComponents: []
  m_SourcePrefab: {fileID: 100100000, guid: 30b64836fd3b195458090b92feddc809, type: 3}
--- !u!4 &1617985003465822114 stripped
Transform:
  m_CorrespondingSourceObject: {fileID: 8826732914862874960, guid: 30b64836fd3b195458090b92feddc809,
    type: 3}
  m_PrefabInstance: {fileID: 7785287897335934706}
  m_PrefabAsset: {fileID: 0}
--- !u!23 &1264763840972010381 stripped
MeshRenderer:
  m_CorrespondingSourceObject: {fileID: 9045407399824727423, guid: 30b64836fd3b195458090b92feddc809,
    type: 3}
  m_PrefabInstance: {fileID: 7785287897335934706}
  m_PrefabAsset: {fileID: 0}
