%YAML 1.1
%TAG !u! tag:unity3d.com,2011:
--- !u!1 &900505452521607533
GameObject:
  m_ObjectHideFlags: 0
  m_CorrespondingSourceObject: {fileID: 0}
  m_PrefabInstance: {fileID: 0}
  m_PrefabAsset: {fileID: 0}
  serializedVersion: 6
  m_Component:
  - component: {fileID: 2995685683668135607}
  - component: {fileID: 3143394976637183547}
  m_Layer: 0
  m_Name: Plain_ Rock2
  m_TagString: Untagged
  m_Icon: {fileID: 0}
  m_NavMeshLayer: 0
  m_StaticEditorFlags: 0
  m_IsActive: 1
--- !u!4 &2995685683668135607
Transform:
  m_ObjectHideFlags: 0
  m_CorrespondingSourceObject: {fileID: 0}
  m_PrefabInstance: {fileID: 0}
  m_PrefabAsset: {fileID: 0}
  m_GameObject: {fileID: 900505452521607533}
  m_LocalRotation: {x: -0, y: -0, z: -0, w: 1}
  m_LocalPosition: {x: 0, y: 0, z: 0}
  m_LocalScale: {x: 1, y: 1, z: 1}
  m_Children:
  - {fileID: 7816818200589663848}
  - {fileID: 2718616964137775620}
  - {fileID: 3090315124977410368}
  m_Father: {fileID: 0}
  m_RootOrder: 0
  m_LocalEulerAnglesHint: {x: 0, y: 0, z: 0}
--- !u!114 &3143394976637183547
MonoBehaviour:
  m_ObjectHideFlags: 0
  m_CorrespondingSourceObject: {fileID: 0}
  m_PrefabInstance: {fileID: 0}
  m_PrefabAsset: {fileID: 0}
  m_GameObject: {fileID: 900505452521607533}
  m_Enabled: 1
  m_EditorHideFlags: 0
  m_Script: {fileID: 11500000, guid: 07b77bdaf4aaa5441b070fd759c238e8, type: 3}
  m_Name: 
  m_EditorClassIdentifier: 
  coord: {x: 0, y: 0}
  IsAccessible: 0
  item: {fileID: 6494669380132179067}
  animator: {fileID: 8718745182205325765}
  tileHighlight: {fileID: 3250022168118156655}
--- !u!1 &1046631586474973731
GameObject:
  m_ObjectHideFlags: 0
  m_CorrespondingSourceObject: {fileID: 0}
  m_PrefabInstance: {fileID: 0}
  m_PrefabAsset: {fileID: 0}
  serializedVersion: 6
  m_Component:
  - component: {fileID: 2718616964137775620}
  - component: {fileID: 2773234360064576859}
  - component: {fileID: 8718745182205325765}
  m_Layer: 0
  m_Name: Animation
  m_TagString: Untagged
  m_Icon: {fileID: 0}
  m_NavMeshLayer: 0
  m_StaticEditorFlags: 0
  m_IsActive: 1
--- !u!4 &2718616964137775620
Transform:
  m_ObjectHideFlags: 0
  m_CorrespondingSourceObject: {fileID: 0}
  m_PrefabInstance: {fileID: 0}
  m_PrefabAsset: {fileID: 0}
  m_GameObject: {fileID: 1046631586474973731}
  m_LocalRotation: {x: 0.3907311, y: -0, z: -0, w: 0.9205049}
  m_LocalPosition: {x: 7.5, y: 2.5, z: 3.5000005}
  m_LocalScale: {x: 1, y: 1, z: 1}
  m_Children: []
  m_Father: {fileID: 2995685683668135607}
  m_RootOrder: 1
  m_LocalEulerAnglesHint: {x: 46, y: 0, z: 0}
--- !u!212 &2773234360064576859
SpriteRenderer:
  m_ObjectHideFlags: 0
  m_CorrespondingSourceObject: {fileID: 0}
  m_PrefabInstance: {fileID: 0}
  m_PrefabAsset: {fileID: 0}
  m_GameObject: {fileID: 1046631586474973731}
  m_Enabled: 1
  m_CastShadows: 0
  m_ReceiveShadows: 0
  m_DynamicOccludee: 1
  m_MotionVectors: 1
  m_LightProbeUsage: 1
  m_ReflectionProbeUsage: 1
  m_RenderingLayerMask: 1
  m_RendererPriority: 0
  m_Materials:
  - {fileID: 10754, guid: 0000000000000000f000000000000000, type: 0}
  m_StaticBatchInfo:
    firstSubMesh: 0
    subMeshCount: 0
  m_StaticBatchRoot: {fileID: 0}
  m_ProbeAnchor: {fileID: 0}
  m_LightProbeVolumeOverride: {fileID: 0}
  m_ScaleInLightmap: 1
  m_ReceiveGI: 1
  m_PreserveUVs: 0
  m_IgnoreNormalsForChartDetection: 0
  m_ImportantGI: 0
  m_StitchLightmapSeams: 1
  m_SelectedEditorRenderState: 0
  m_MinimumChartSize: 4
  m_AutoUVMaxDistance: 0.5
  m_AutoUVMaxAngle: 89
  m_LightmapParameters: {fileID: 0}
  m_SortingLayerID: 0
  m_SortingLayer: 0
  m_SortingOrder: 0
  m_Sprite: {fileID: 0}
  m_Color: {r: 1, g: 1, b: 1, a: 1}
  m_FlipX: 0
  m_FlipY: 0
  m_DrawMode: 0
  m_Size: {x: 1, y: 1}
  m_AdaptiveModeThreshold: 0.5
  m_SpriteTileMode: 0
  m_WasSpriteAssigned: 0
  m_MaskInteraction: 0
  m_SpriteSortPoint: 0
--- !u!95 &8718745182205325765
Animator:
  serializedVersion: 3
  m_ObjectHideFlags: 0
  m_CorrespondingSourceObject: {fileID: 0}
  m_PrefabInstance: {fileID: 0}
  m_PrefabAsset: {fileID: 0}
  m_GameObject: {fileID: 1046631586474973731}
  m_Enabled: 1
  m_Avatar: {fileID: 0}
  m_Controller: {fileID: 9100000, guid: fb9579a6ed1ed764f97441fde56c4b8d, type: 2}
  m_CullingMode: 0
  m_UpdateMode: 0
  m_ApplyRootMotion: 0
  m_LinearVelocityBlending: 0
  m_WarningMessage: 
  m_HasTransformHierarchy: 1
  m_AllowConstantClipSamplingOptimization: 1
  m_KeepAnimatorControllerStateOnDisable: 0
--- !u!1001 &5809040893686956048
PrefabInstance:
  m_ObjectHideFlags: 0
  serializedVersion: 2
  m_Modification:
    m_TransformParent: {fileID: 2995685683668135607}
    m_Modifications:
    - target: {fileID: 3293030950005646470, guid: 30b64836fd3b195458090b92feddc809,
        type: 3}
      propertyPath: m_Name
      value: Plain (1)
      objectReference: {fileID: 0}
    - target: {fileID: 8826732914862874960, guid: 30b64836fd3b195458090b92feddc809,
        type: 3}
      propertyPath: m_LocalPosition.x
      value: 0
      objectReference: {fileID: 0}
    - target: {fileID: 8826732914862874960, guid: 30b64836fd3b195458090b92feddc809,
        type: 3}
      propertyPath: m_LocalPosition.y
      value: 0
      objectReference: {fileID: 0}
    - target: {fileID: 8826732914862874960, guid: 30b64836fd3b195458090b92feddc809,
        type: 3}
      propertyPath: m_LocalPosition.z
      value: 0
      objectReference: {fileID: 0}
    - target: {fileID: 8826732914862874960, guid: 30b64836fd3b195458090b92feddc809,
        type: 3}
      propertyPath: m_LocalRotation.x
      value: -0
      objectReference: {fileID: 0}
    - target: {fileID: 8826732914862874960, guid: 30b64836fd3b195458090b92feddc809,
        type: 3}
      propertyPath: m_LocalRotation.y
      value: -0
      objectReference: {fileID: 0}
    - target: {fileID: 8826732914862874960, guid: 30b64836fd3b195458090b92feddc809,
        type: 3}
      propertyPath: m_LocalRotation.z
      value: -0
      objectReference: {fileID: 0}
    - target: {fileID: 8826732914862874960, guid: 30b64836fd3b195458090b92feddc809,
        type: 3}
      propertyPath: m_LocalRotation.w
      value: 1
      objectReference: {fileID: 0}
    - target: {fileID: 8826732914862874960, guid: 30b64836fd3b195458090b92feddc809,
        type: 3}
      propertyPath: m_RootOrder
      value: 2
      objectReference: {fileID: 0}
    - target: {fileID: 8826732914862874960, guid: 30b64836fd3b195458090b92feddc809,
        type: 3}
      propertyPath: m_LocalEulerAnglesHint.x
      value: 0
      objectReference: {fileID: 0}
    - target: {fileID: 8826732914862874960, guid: 30b64836fd3b195458090b92feddc809,
        type: 3}
      propertyPath: m_LocalEulerAnglesHint.y
      value: 0
      objectReference: {fileID: 0}
    - target: {fileID: 8826732914862874960, guid: 30b64836fd3b195458090b92feddc809,
        type: 3}
      propertyPath: m_LocalEulerAnglesHint.z
      value: 0
      objectReference: {fileID: 0}
    m_RemovedComponents: []
  m_SourcePrefab: {fileID: 100100000, guid: 30b64836fd3b195458090b92feddc809, type: 3}
--- !u!4 &3090315124977410368 stripped
Transform:
  m_CorrespondingSourceObject: {fileID: 8826732914862874960, guid: 30b64836fd3b195458090b92feddc809,
    type: 3}
  m_PrefabInstance: {fileID: 5809040893686956048}
  m_PrefabAsset: {fileID: 0}
--- !u!23 &3250022168118156655 stripped
MeshRenderer:
  m_CorrespondingSourceObject: {fileID: 9045407399824727423, guid: 30b64836fd3b195458090b92feddc809,
    type: 3}
  m_PrefabInstance: {fileID: 5809040893686956048}
  m_PrefabAsset: {fileID: 0}
--- !u!1001 &8247534291716014277
PrefabInstance:
  m_ObjectHideFlags: 0
  serializedVersion: 2
  m_Modification:
    m_TransformParent: {fileID: 2995685683668135607}
    m_Modifications:
    - target: {fileID: 2906110222646152382, guid: 8886f48a2caf2bc4386ff6569e5c6d6c,
        type: 3}
      propertyPath: m_Name
      value: rock_large2
      objectReference: {fileID: 0}
    - target: {fileID: 2166172052596358829, guid: 8886f48a2caf2bc4386ff6569e5c6d6c,
        type: 3}
      propertyPath: m_LocalPosition.x
      value: 5
      objectReference: {fileID: 0}
    - target: {fileID: 2166172052596358829, guid: 8886f48a2caf2bc4386ff6569e5c6d6c,
        type: 3}
      propertyPath: m_LocalPosition.y
      value: 2.5
      objectReference: {fileID: 0}
    - target: {fileID: 2166172052596358829, guid: 8886f48a2caf2bc4386ff6569e5c6d6c,
        type: 3}
      propertyPath: m_LocalPosition.z
      value: 5
      objectReference: {fileID: 0}
    - target: {fileID: 2166172052596358829, guid: 8886f48a2caf2bc4386ff6569e5c6d6c,
        type: 3}
      propertyPath: m_LocalRotation.x
      value: -0
      objectReference: {fileID: 0}
    - target: {fileID: 2166172052596358829, guid: 8886f48a2caf2bc4386ff6569e5c6d6c,
        type: 3}
      propertyPath: m_LocalRotation.y
      value: -0.338681
      objectReference: {fileID: 0}
    - target: {fileID: 2166172052596358829, guid: 8886f48a2caf2bc4386ff6569e5c6d6c,
        type: 3}
      propertyPath: m_LocalRotation.z
      value: -0
      objectReference: {fileID: 0}
    - target: {fileID: 2166172052596358829, guid: 8886f48a2caf2bc4386ff6569e5c6d6c,
        type: 3}
      propertyPath: m_LocalRotation.w
      value: 0.9409013
      objectReference: {fileID: 0}
    - target: {fileID: 2166172052596358829, guid: 8886f48a2caf2bc4386ff6569e5c6d6c,
        type: 3}
      propertyPath: m_RootOrder
      value: 0
      objectReference: {fileID: 0}
    - target: {fileID: 2166172052596358829, guid: 8886f48a2caf2bc4386ff6569e5c6d6c,
        type: 3}
      propertyPath: m_LocalEulerAnglesHint.x
      value: 0
      objectReference: {fileID: 0}
    - target: {fileID: 2166172052596358829, guid: 8886f48a2caf2bc4386ff6569e5c6d6c,
        type: 3}
      propertyPath: m_LocalEulerAnglesHint.y
      value: -39.593002
      objectReference: {fileID: 0}
    - target: {fileID: 2166172052596358829, guid: 8886f48a2caf2bc4386ff6569e5c6d6c,
        type: 3}
      propertyPath: m_LocalEulerAnglesHint.z
      value: 0
      objectReference: {fileID: 0}
    m_RemovedComponents: []
  m_SourcePrefab: {fileID: 100100000, guid: 8886f48a2caf2bc4386ff6569e5c6d6c, type: 3}
--- !u!1 &6494669380132179067 stripped
GameObject:
  m_CorrespondingSourceObject: {fileID: 2906110222646152382, guid: 8886f48a2caf2bc4386ff6569e5c6d6c,
    type: 3}
  m_PrefabInstance: {fileID: 8247534291716014277}
  m_PrefabAsset: {fileID: 0}
--- !u!4 &7816818200589663848 stripped
Transform:
  m_CorrespondingSourceObject: {fileID: 2166172052596358829, guid: 8886f48a2caf2bc4386ff6569e5c6d6c,
    type: 3}
  m_PrefabInstance: {fileID: 8247534291716014277}
  m_PrefabAsset: {fileID: 0}
